@manual{rfc6838,
	title = "{RFC}6838: {M}edia {T}ype {S}pecifications and {R}egistration {P}rocedures",
	author = "N. Freed and J. Klensin and T. Hansen",
	organization = "{I}nternet {E}ngineering {T}ask {F}orce ({IETF})",
	month = "January",
	year = "2013",
	note = "ISSN: 2070-1721"
}
@manual{rfc2119,
	title = "{RFC}2119: {K}ey words for use in {RFC}s to {I}ndicate {R}equirement {L}evels",
	author = "S. Bradner",
	organization = "{I}nternet {E}ngineering {T}ask {F}orce ({IETF})",
	month = "March",
	year = "1997"
}
@manual{soap,
	title = "{SOAP} {V}ersion 1.2 {P}art 1: {M}essaging {F}ramework ({S}econd {E}dition)",
	author = "Martin Gudgin and Marc Hadley and Noah Mendelsohn and Jean-Jacques Moreau and Henrik {Frystyk Nielsen} and Anish Karmarkar and Yves Lfon",
	month = "April",
	year = "2007",
	note = "http://www.w3.org/TR/soap12-part1/"
}
@InProceedings{langrid,
  author = {Yohei Murakami and Donghui Lin and Masahiro Tanaka and Takao Nakaguchi and Toru Ishida},
  title = {Language Service Management with the Language Grid},
  booktitle = {Proceedings of the Seventh International Conference on Language Resources and Evaluation (LREC'10)},
  year = {2010},
  month = {may},
  date = {19-21},
  address = {Valletta, Malta},
  editor = {Nicoletta Calzolari (Conference Chair) and Khalid Choukri and Bente Maegaard and Joseph Mariani and Jan Odijk and Stelios Piperidis and Mike Rosner and Daniel Tapias},
  publisher = {European Language Resources Association (ELRA)},
  isbn = {2-9517408-6-7},
  language = {english}
 }